@misc{aTAG,
  title = "Reference Title",
  howpublished = "Reference Source (Website Link)",
  note = "Date accessed or description"
}